@book{wright,
  author    = {Jorge Nocedal and Stephen J. Wright},
  title     = {Numerical Optimization},
  publisher = {Springer},
  year      = {2006},
  edition   = {2nd}
}
@book{murphy2012ml,
  title={Machine Learning: A Probabilistic Perspective},
  author={Murphy, Kevin P.},
  year={2012},
  publisher={MIT Press},
  address={Cambridge, MA},
  isbn={9780262018029}
}

@article{Cartis2011,
  author  = {Cartis, C. and Gould, N. I. M. and Toint, P. L.},
  title   = {Adaptive cubic regularisation methods for unconstrained optimization. Part I},
  journal = {Math. Program.},
  year    = {2011}
}


@article{hanzely2022damped,
  title={A Damped Newton Method Achieves Global $\mathcal(O) (\frac{1}{k^2})$ and Local Quadratic Convergence Rate},
  author={Hanzely, Slavom{\'\i}r and Kamzolov, Dmitry and Pasechnyuk, Dmitry and Gasnikov, Alexander and Richt{\'a}rik, Peter and Tak{\'a}c, Martin},
  journal={Advances in Neural Information Processing Systems},
  volume={35},
  pages={25320--25334},
  year={2022}
}

@article{mishchenko2023regularized,
  title={Regularized newton method with global convergence},
  author={Mishchenko, Konstantin},
  journal={SIAM Journal on Optimization},
  volume={33},
  number={3},
  pages={1440--1462},
  year={2023},
  publisher={SIAM}
}
